@misc{corporate finance institute, title={Random Walk Theory - Definition,
History, Implications of the Theory},
url={https://corporatefinanceinstitute.com/resources/knowledge/
trading-investing/what-is-the-random-walk-theory/},
journal={Corporate Finance Institute}}

@misc{staff_2003, title={Philadelphia Stock Exchange - PHLX},
url={http://www.investopedia.com/terms/p/phlx.asp}, publisher={Investopedia},
author={Staff, Investopedia}, year={2003}, month={Nov}}

@misc{staff_2015, title={Random Walk Theory},
url={https://www.investopedia.com/terms/r/randomwalktheory.asp},
publisher={Investopedia}, author={Staff, Investopedia}, year={2015},
month={Nov}}

@misc{staff_2016, title={Efficient Market Hypothesis (EMH)},
url={http://www.investopedia.com/terms/e/efficientmarkethypothesis.asp},
publisher={Investopedia}, author={Staff, Investopedia}, year={2016},
month={Sep}}

@misc{staff_2018, title={Monte Carlo Simulation},
url={http://www.investopedia.com/terms/m/montecarlosimulation.asp},
publisher={Investopedia}, author={Staff, Investopedia}, year={2018},
month={Mar}}

@misc{corporate finance institute,
title={Stock Market - What is the Stock Market and How it Works},
url={https://corporatefinanceinstitute.com/resources/knowledge/
trading-investing/stock-market/}, journal={Corporate Finance Institute}}

@misc{fidelity, title={What Is Technical Analysis?},
url={https://www.fidelity.com/learning-center/trading-investing/
technical-analysis/introduction-technical-analysis/what-is-technical-analysis},
journal={Fidelity}}

@phdthesis{xu_2007,
title={Stock Price Forecasting Using Information
from Yahoo Finance and Google Trend}, author={Xu, Selene Yue}, year={2007}}
