@phdthesis{biermann_2006, title={An Investigation Into Stock Market Predictions Using Neural Networks Applied To Fundamental Financial Data}, url={http://www.cs.bath.ac.uk/~mdv/courses/CM30082/projects.bho/2005-6/biermann-l-dissertation-2005-6.pdf}, author={Biermann, Luke}, year={2006}}

@phdthesis{falinouss_2007, title={Stock Trend Prediction Using News Articles}, url={http://www.diva-portal.org/smash/get/diva2:1019373/FULLTEXT01.pdf}, author={Falinouss, Pegah}, year={2007}}

@phdthesis{irding_lyden_2007, title={Is Historical Data A Good Estimate Of The Future Risk of Funds?}, url={https://gupea.ub.gu.se/bitstream/2077/9525/1/0708.4.pdf}, author={Irding, Martin and Lyden, Joacim}, year={2007}}

@misc{business-science.io_2016, title={Quantitative Stock Analysis Tutorial: Screening the Returns for Every S&P500 Stock in Less than 5 Minutes}, url={http://www.business-science.io/investments/2016/10/23/SP500_Analysis.html}, journal={Business Science}, author={business-science.io}, year={2016}, month={Oct}}

@phdthesis{xu, title={Stock Price Forecasting Using Information from Yahoo Finance and Google Trend}, url={https://www.econ.berkeley.edu/sites/default/files/Selene Yue Xu.pdf}, author={Xu, Selene Yue}}
